%% This BibTeX bibliography file was created using BibDesk.
%% http://bibdesk.sourceforge.net/

%% Created for Zhao Aaron at 2015-09-28 15:30:19 +0100 


%% Saved with string encoding Unicode (UTF-8) 



@inproceedings{online_signal_processing,
	Adsnote = {Provided by the SAO/NASA Astrophysics Data System},
	Adsurl = {http://adsabs.harvard.edu/abs/2001SPIE.4474..134G},
	Author = {{Galli}, R. and {Tenca}, A.~F.},
	Date-Added = {2015-09-23 17:42:07 +0000},
	Date-Modified = {2015-09-28 12:58:17 +0000},
	Doi = {10.1117/12.448642},
	Editor = {{Luk}, F.~T.},
	Month = nov,
	Pages = {134-144},
	Series = {SPIE Conference Series},
	Title = {{Design and evaluation of online arithmetic for signal processing applications on FPGAs}},
	Volume = 4474,
	Year = 2001,
	Bdsk-Url-1 = {http://dx.doi.org/10.1117/12.448642}}

@webpage{altera,
	Author = {Altera},
	Date-Added = {2015-09-23 14:04:01 +0000},
	Date-Modified = {2015-09-23 14:04:55 +0000},
	Title = {Integer Arithmetic {IP} Cores User Guide},
	Url = {https://www.altera.com/en_US/pdfs/literature/ug/ug_lpm_alt_mfug.pdf},
	Bdsk-Url-1 = {https://www.altera.com/en_US/pdfs/literature/ug/ug_lpm_alt_mfug.pdf}}

@article{online_control,
	Author = {Dimmler, M. and Tisserand, A. and Holmbeg, U. and Longchamp, R.},
	Date-Added = {2015-09-23 11:03:07 +0000},
	Date-Modified = {2015-09-28 12:56:50 +0000},
	Doi = {10.1109/3516.769548},
	Issn = {1083-4435},
	Journal = {Mechatronics, IEEE/ASME Transactions on},
	Month = {Jun},
	Number = {2},
	Pages = {213-217},
	Title = {On-line arithmetic for real-time control of microsystems},
	Volume = {4},
	Year = {1999},
	Bdsk-Url-1 = {http://dx.doi.org/10.1109/3516.769548}}

@article{Kan_parallel_operators,
	Author = {Shi, Kan and Boland, David and Constantinides, George A.},
	Date-Added = {2015-09-21 08:03:38 +0000},
	Date-Modified = {2015-09-21 08:04:00 +0000},
	Title = {Efficient {FPGA} Implementation of Digit Parallel Online Arithmetic Operators}}

@inproceedings{arithmetic_overview,
	Author = {Ercegovac, Milos D},
	Booktitle = {28th Annual Technical Symposium},
	Date-Added = {2015-09-19 22:22:31 +0000},
	Date-Modified = {2015-09-19 22:22:56 +0000},
	Organization = {International Society for Optics and Photonics},
	Pages = {86--93},
	Title = {On-line arithmetic: An overview},
	Year = {1984}}

@inproceedings{online_mul,
	Author = {Trivedi, Kishor S and Ercegovac, Milos D},
	Booktitle = {ARITH, 1975 IEEE 3rd Symposium on},
	Date-Added = {2015-09-19 22:21:26 +0000},
	Date-Modified = {2015-09-28 12:56:27 +0000},
	Organization = {IEEE},
	Pages = {161--167},
	Title = {On-line algorithms for division and multiplication},
	Year = {1975}}

@book{digital_arithmetic_book,
	Author = {Ercegovac, Milo{\v{s}} D and Lang, Tomas},
	Date-Added = {2015-09-19 22:20:12 +0000},
	Date-Modified = {2015-09-19 22:20:31 +0000},
	Publisher = {Elsevier},
	Title = {Digital arithmetic},
	Year = {2004}}

@inproceedings{Kan_overclocking,
	Acmid = {2593118},
	Address = {New York, NY, USA},
	Articleno = {190},
	Author = {Shi, Kan and Boland, David and Stott, Edward and Bayliss, Samuel and Constantinides, George A.},
	Date-Added = {2015-09-19 22:03:58 +0000},
	Date-Modified = {2015-09-28 14:30:10 +0000},
	Doi = {10.1145/2593069.2593118},
	Isbn = {978-1-4503-2730-5},
	Keywords = {Imprecise Design, Online Arithmetic, Overclocking},
	Location = {San Francisco, CA, USA},
	Numpages = {6},
	Pages = {190:1--190:6},
	Publisher = {ACM},
	Series = {DAC '14},
	Title = {Datapath Synthesis for Overclocking: Online Arithmetic for Latency-Accuracy Trade-offs},
	Url = {http://doi.acm.org/10.1145/2593069.2593118},
	Year = {2014},
	Bdsk-Url-1 = {http://doi.acm.org/10.1145/2593069.2593118},
	Bdsk-Url-2 = {http://dx.doi.org/10.1145/2593069.2593118}}
