%% This BibTeX bibliography file was created using BibDesk.
%% http://bibdesk.sourceforge.net/

%% Created for Zhao Aaron at 2015-09-19 23:24:18 +0100 


%% Saved with string encoding Unicode (UTF-8) 



@inproceedings{arithmetic_overview,
	Author = {Ercegovac, Milos D},
	Booktitle = {28th Annual Technical Symposium},
	Date-Added = {2015-09-19 22:22:31 +0000},
	Date-Modified = {2015-09-19 22:22:56 +0000},
	Organization = {International Society for Optics and Photonics},
	Pages = {86--93},
	Title = {On-line arithmetic: An overview},
	Year = {1984}}

@inproceedings{online_mul,
	Author = {Trivedi, Kishor S and Ercegovac, Milos D},
	Booktitle = {Computer Arithmetic (ARITH), 1975 IEEE 3rd Symposium on},
	Date-Added = {2015-09-19 22:21:26 +0000},
	Date-Modified = {2015-09-19 22:22:03 +0000},
	Organization = {IEEE},
	Pages = {161--167},
	Title = {On-line algorithms for division and multiplication},
	Year = {1975}}

@book{digital_arithmetic_book,
	Author = {Ercegovac, Milo{\v{s}} D and Lang, Tomas},
	Date-Added = {2015-09-19 22:20:12 +0000},
	Date-Modified = {2015-09-19 22:20:31 +0000},
	Publisher = {Elsevier},
	Title = {Digital arithmetic},
	Year = {2004}}

@inproceedings{Kan_overclocking,
	Acmid = {2593118},
	Address = {New York, NY, USA},
	Articleno = {190},
	Author = {Shi, Kan and Boland, David and Stott, Edward and Bayliss, Samuel and Constantinides, George A.},
	Booktitle = {Proceedings of the 51st Annual Design Automation Conference},
	Date-Added = {2015-09-19 22:03:58 +0000},
	Date-Modified = {2015-09-19 22:04:22 +0000},
	Doi = {10.1145/2593069.2593118},
	Isbn = {978-1-4503-2730-5},
	Keywords = {Imprecise Design, Online Arithmetic, Overclocking},
	Location = {San Francisco, CA, USA},
	Numpages = {6},
	Pages = {190:1--190:6},
	Publisher = {ACM},
	Series = {DAC '14},
	Title = {Datapath Synthesis for Overclocking: Online Arithmetic for Latency-Accuracy Trade-offs},
	Url = {http://doi.acm.org/10.1145/2593069.2593118},
	Year = {2014},
	Bdsk-Url-1 = {http://doi.acm.org/10.1145/2593069.2593118},
	Bdsk-Url-2 = {http://dx.doi.org/10.1145/2593069.2593118}}
